<?xml version="1.0" encoding="utf-8"?>
<record xmlns="http://www.loc.gov/MARC21/slim" xmlns:xsi="http://www.w3.org/2001/XMLSchema-instance" xsi:schemaLocation="http://www.loc.gov/MARC21/slim http://www.loc.gov/standards/marcxml/schema/MARC21slim.xsd">
	<leader>     nam a22     Mi 4500</leader>
	<controlfield tag="001">b12601950</controlfield>
	<controlfield tag="003">LeBAU</controlfield>
	<controlfield tag="006">m        d        </controlfield>
	<controlfield tag="007">cr cn |||m|||a</controlfield>
	<controlfield tag="008">210713m19511955le      o     ||0 0 ara d</controlfield>
	<datafield ind1=" " ind2=" " tag="040">
		<subfield code="a">ZYU</subfield>
		<subfield code="b">ara</subfield>
		<subfield code="e">rda</subfield>
		<subfield code="c">ZYU</subfield>
	</datafield>
	<datafield ind1="0" ind2="4" tag="082">
		<subfield code="a">892.708</subfield>
		<subfield code="2">23</subfield>
	</datafield>
	<datafield ind1="1" ind2=" " tag="100">
		<subfield code="6">880-01</subfield>
		<subfield code="a">Ibn ʻAbd Rabbih, Aḥmad ibn Muḥammad,</subfield>
		<subfield code="d">860-940.</subfield>
		<subfield code="e">author.</subfield>
		<subfield code="0">http://id.loc.gov/authorities/names/n84238992 ,</subfield>
	</datafield>
	<datafield ind1="1" ind2="3" tag="245">
		<subfield code="6">880-02</subfield>
		<subfield code="a">al-ʻIqd al-farīd /</subfield>
		<subfield code="c">li-Abī ʻUmar Aḥmad ibn Muḥammad ibn ʻAbd Rabbih al-Andalusī.</subfield>
	</datafield>
	<datafield ind1=" " ind2="1" tag="264">
		<subfield code="6">880-03</subfield>
		<subfield code="a">Bayrūt :</subfield>
		<subfield code="b">Maktabat Ṣādir,</subfield>
		<subfield code="c">1951-1955.</subfield>
	</datafield>
	<datafield ind1=" " ind2=" " tag="300">
		<subfield code="6">880-04</subfield>
		<subfield code="a">online resource (31 volumes)</subfield>
	</datafield>
	<datafield ind1=" " ind2=" " tag="336">
		<subfield code="a">text</subfield>
		<subfield code="2">rdacontent</subfield>
	</datafield>
	<datafield ind1=" " ind2=" " tag="337">
		<subfield code="a">computer</subfield>
		<subfield code="2">rdamedia</subfield>
	</datafield>
	<datafield ind1=" " ind2=" " tag="338">
		<subfield code="a">online resource</subfield>
		<subfield code="2">rdacarrier</subfield>
	</datafield>
	<datafield ind1=" " ind2=" " tag="500">
		<subfield code="a">Part of the Arabic Collections Online (ACO) project, contributed by American University of Beirut's Jafet Memorial Library.</subfield>
	</datafield>
	<datafield ind1=" " ind2=" " tag="533">
		<subfield code="a">Electronic reproduction.</subfield>
		<subfield code="b">New York, N.Y. :</subfield>
		<subfield code="c">New York University,</subfield>
		<subfield code="d">2021.</subfield>
		<subfield code="5">NNU</subfield>
	</datafield>
	<datafield ind1=" " ind2="0" tag="650">
		<subfield code="6">880-05</subfield>
		<subfield code="a">Arabic literature.</subfield>
	</datafield>
	<datafield ind1=" " ind2="0" tag="650">
		<subfield code="6">880-06</subfield>
		<subfield code="a">Poets, Arab.</subfield>
	</datafield>
	<datafield ind1=" " ind2="0" tag="650">
		<subfield code="6">880-07</subfield>
		<subfield code="a">Arabic poetry.</subfield>
	</datafield>
	<datafield ind1=" " ind2="0" tag="650">
		<subfield code="6">880-08</subfield>
		<subfield code="a">Arabic wit and humor.</subfield>
	</datafield>
	<datafield ind1="1" ind2=" " tag="700">
		<subfield code="6">880-09</subfield>
		<subfield code="a">Bustānī, Karam.</subfield>
		<subfield code="e">compiler.</subfield>
		<subfield code="0">http://id.loc.gov/authorities/names/nr90013407 ,</subfield>
	</datafield>
	<datafield ind1="2" ind2=" " tag="710">
		<subfield code="a">Jafet Memorial Library.</subfield>
	</datafield>
	<datafield ind1="0" ind2=" " tag="730">
		<subfield code="a">Arabic Collections Online.</subfield>
	</datafield>
	<datafield ind1="0" ind2="8" tag="776">
		<subfield code="i">Print version:</subfield>
		<subfield code="a">Ibn ʻAbd Rabbih, Aḥmad ibn Muḥammad, 860-940. author. http://id.loc.gov/authorities/names/n84238992 ,</subfield>
		<subfield code="t">al-ʻIqd al-farīd</subfield>
		<subfield code="w">(LeBAU)b12601950</subfield>
	</datafield>
	<datafield ind1="4" ind2="0" tag="856">
		<subfield code="u">http://hdl.handle.net/2333.1/cjsxm46z</subfield>
	</datafield>
	<datafield ind1="1" ind2=" " tag="880">
		<subfield code="6">100-01</subfield>
		<subfield code="a">إبن عبد ربه، أحمد بن محمد،</subfield>
		<subfield code="d">860-940،</subfield>
		<subfield code="0">http://id.loc.gov/authorities/names/n84238992 ,</subfield>
		<subfield code="e">مؤلف.</subfield>
		<subfield code="4">aut.</subfield>
	</datafield>
	<datafield ind1="1" ind2="2" tag="880">
		<subfield code="6">245-02</subfield>
		<subfield code="a">العقد الفريد /</subfield>
		<subfield code="c">لأبي عمر أحمد بن محمد بن عبد ربه الأندلسي.</subfield>
	</datafield>
	<datafield ind1=" " ind2="1" tag="880">
		<subfield code="6">264-03</subfield>
		<subfield code="a">بيروت :</subfield>
		<subfield code="b">مكتبة صادر،</subfield>
		<subfield code="c">1951-1955.</subfield>
	</datafield>
	<datafield ind1=" " ind2=" " tag="880">
		<subfield code="6">300-04</subfield>
		<subfield code="a">31 جزء ؛</subfield>
		<subfield code="c">20 سم</subfield>
	</datafield>
	<datafield ind1=" " ind2=" " tag="880">
		<subfield code="6">500-00</subfield>
		<subfield code="a">&quot;العقد الفريد، من أشهر المجموعات الأدبية عند العرب، فيه أدب - وأقوال - ونوادر - وملح - وتاريخ و- وأخبار إلخ إلخ...&quot; ؛ &quot;...مضبوط ومشروح بقلم كرم البستاني&quot; --الصفحة التي تسبق صفحة العنوان</subfield>
	</datafield>
	<datafield ind1="0" ind2="0" tag="880">
		<subfield code="6">505-00</subfield>
		<subfield code="t">العقد الفريد:</subfield>
		<subfield code="g">1.</subfield>
		<subfield code="t">السلطان وعدل ساعة --</subfield>
		<subfield code="g">2.</subfield>
		<subfield code="t">تحت ظلال القنا --</subfield>
		<subfield code="g">3.</subfield>
		<subfield code="t">الايدي السخية --</subfield>
		<subfield code="g">4.</subfield>
		<subfield code="t">وفود العرب --</subfield>
		<subfield code="g">5.</subfield>
		<subfield code="t">مخاطبة الملوك --</subfield>
		<subfield code="g">6-8.</subfield>
		<subfield code="t">أبناء النور --</subfield>
		<subfield code="g">9.</subfield>
		<subfield code="t">امثال العرب --</subfield>
		<subfield code="g">10.</subfield>
		<subfield code="t">سحر البيان.</subfield>
	</datafield>
	<datafield ind1=" " ind2=" " tag="880">
		<subfield code="6">590-00</subfield>
		<subfield code="a">في المكتبة: الأجزاء 1-10 في 8 مجلدات.</subfield>
	</datafield>
	<datafield ind1=" " ind2="4" tag="880">
		<subfield code="6">650-05</subfield>
		<subfield code="a">الادب العربي.</subfield>
	</datafield>
	<datafield ind1=" " ind2="4" tag="880">
		<subfield code="6">650-06</subfield>
		<subfield code="a">الشعراء العرب.</subfield>
	</datafield>
	<datafield ind1=" " ind2="4" tag="880">
		<subfield code="6">650-07</subfield>
		<subfield code="a">الشعر العربي.</subfield>
	</datafield>
	<datafield ind1=" " ind2="4" tag="880">
		<subfield code="6">650-08</subfield>
		<subfield code="a">الظرف والفكاهة العربية.</subfield>
	</datafield>
	<datafield ind1="1" ind2=" " tag="880">
		<subfield code="6">700-09</subfield>
		<subfield code="a">البستاني، كرم،</subfield>
		<subfield code="0">http://id.loc.gov/authorities/names/nr90013407 ,</subfield>
		<subfield code="e">معد.</subfield>
		<subfield code="4">com.</subfield>
	</datafield>
	<datafield ind1=" " ind2=" " tag="959">
		<subfield code="a">NNU</subfield>
		<subfield code="b">WEB</subfield>
		<subfield code="c">GENI</subfield>
		<subfield code="t">0</subfield>
		<subfield code="m">Electronic access</subfield>
		<subfield code="s">01</subfield>
	</datafield>
	<datafield ind1=" " ind2=" " tag="999">
		<subfield code="i">LeBAU_b12601950</subfield>
		<subfield code="s">aub_aco004537:v.1</subfield>
		<subfield code="s">aub_aco004538:v.2</subfield>
		<subfield code="s">aub_aco004539:v.3</subfield>
		<subfield code="s">aub_aco004540:v.4</subfield>
		<subfield code="s">aub_aco004541:v.5</subfield>
		<subfield code="s">aub_aco004542:v.6-8</subfield>
		<subfield code="s">aub_aco004543:v.9</subfield>
		<subfield code="s">aub_aco004544:v.10</subfield>
		<subfield code="e">(ERROR-MISC)</subfield>
		<subfield code="s">aub_aco004537:v.1</subfield>
		<subfield code="s">aub_aco004538:v.2</subfield>
		<subfield code="s">aub_aco004539:v.3</subfield>
		<subfield code="s">aub_aco004540:v.4</subfield>
		<subfield code="s">aub_aco004541:v.5</subfield>
		<subfield code="s">aub_aco004542:v.6-8</subfield>
		<subfield code="s">aub_aco004543:v.9</subfield>
		<subfield code="s">aub_aco004544:v.10</subfield>
	</datafield>
</record>
